<record><leader>00000cas a22000007a 4500</leader><controlfield tag="001">13310969</controlfield><controlfield tag="008">860319d19041918iduwr ne      0    0eng d</controlfield><datafield ind1=" " ind2=" " tag="010"><subfield code="a">sn 86091220 </subfield></datafield><datafield ind1=" " ind2=" " tag="040"><subfield code="a">UNP</subfield><subfield code="b">eng</subfield><subfield code="c">UNP</subfield><subfield code="d">DLC</subfield><subfield code="d">NVB</subfield><subfield code="d">OCL</subfield><subfield code="d">NVB</subfield><subfield code="d">OCLCQ</subfield><subfield code="d">OCLCF</subfield><subfield code="d">OCLCO</subfield></datafield><datafield ind1=" " ind2=" " tag="019"><subfield code="a">13035136</subfield></datafield><datafield ind1="1" ind2=" " tag="029"><subfield code="a">AU@</subfield><subfield code="b">000025797653</subfield></datafield><datafield ind1=" " ind2=" " tag="042"><subfield code="a">msc</subfield></datafield><datafield ind1=" " ind2="4" tag="050"><subfield code="a">AN2.I2</subfield><subfield code="b">T84</subfield></datafield><datafield ind1="0" ind2=" " tag="130"><subfield code="a">Twin Falls news (Twin Falls, Idaho : Weekly)</subfield></datafield><datafield ind1="0" ind2="0" tag="245"><subfield code="a">Twin Falls news.</subfield></datafield><datafield ind1="3" ind2="0" tag="246"><subfield code="a">Twin Falls weekly news</subfield></datafield><datafield ind1=" " ind2=" " tag="260"><subfield code="a">Twin Falls, Idaho :</subfield><subfield code="b">Barber &amp; Diehl,</subfield><subfield code="c">1904-1918.</subfield></datafield><datafield ind1=" " ind2=" " tag="300"><subfield code="a">v. :</subfield><subfield code="b">ill.</subfield></datafield><datafield ind1=" " ind2=" " tag="310"><subfield code="a">Weekly</subfield></datafield><datafield ind1="0" ind2=" " tag="362"><subfield code="a">Vol. 1, no. 1 (Oct. 28, 1904)- ; -14th year, no. 25 (May 30, 1918).</subfield></datafield><datafield ind1=" " ind2=" " tag="500"><subfield code="a">Published as: Twin Falls weekly news, July 31-Sept. 26, 1913.</subfield></datafield><datafield ind1=" " ind2=" " tag="580"><subfield code="a">Daily ed.: Twin Falls daily news, Apr. 8-Mar. 30, 1918.</subfield></datafield><datafield ind1=" " ind2="0" tag="651"><subfield code="a">Twin Falls (Idaho)</subfield><subfield code="v">Newspapers.</subfield></datafield><datafield ind1=" " ind2="7" tag="655"><subfield code="a">Newspapers.</subfield><subfield code="2">fast</subfield><subfield code="0">(OCoLC)fst01423814</subfield></datafield><datafield ind1=" " ind2="7" tag="651"><subfield code="a">Idaho</subfield><subfield code="z">Twin Falls.</subfield><subfield code="2">fast</subfield><subfield code="0">(OCoLC)fst01210138</subfield></datafield><datafield ind1=" " ind2=" " tag="752"><subfield code="a">United States</subfield><subfield code="b">Idaho</subfield><subfield code="c">Twin Falls</subfield><subfield code="d">Twin Falls.</subfield></datafield><datafield ind1="1" ind2=" " tag="775"><subfield code="t">Twin Falls daily news</subfield><subfield code="w">(DLC)sn 8 9055259</subfield></datafield><datafield ind1="0" ind2="0" tag="785"><subfield code="t">Twin Falls weekly news</subfield><subfield code="w">(DLC)sn 86091221</subfield><subfield code="w">(OCoLC)13311008</subfield></datafield></record>